%% This BibTeX bibliography file was created using BibDesk.
%% http://bibdesk.sourceforge.net/


%% Created for Carly Schaeffer at 2014-09-21 16:57:35 -0400 


%% Saved with string encoding Unicode (UTF-8) 



@article{treangen:2012:repetitive,
	Annote = {10.1038/nrg3117},
	Author = {Treangen, Todd J. and Salzberg, Steven L.},
	Date = {2012/01//print},
	Date-Added = {2014-09-21 20:56:47 +0000},
	Date-Modified = {2014-09-21 20:57:33 +0000},
	Isbn = {1471-0056},
	Journal = {Nature Reviews Genetics},
	Keywords = {repeats background},
	M3 = {10.1038/nrg3117},
	Month = {01},
	Number = {1},
	Pages = {36--46},
	Publisher = {Nature Publishing Group, a division of Macmillan Publishers Limited. All Rights Reserved.},
	Title = {Repetitive DNA and next-generation sequencing: computational challenges and solutions},
	Ty = {JOUR},
	Url = {http://dx.doi.org/10.1038/nrg3117},
	Volume = {13},
	Year = {2012},
	Bdsk-Url-1 = {http://dx.doi.org/10.1038/nrg3117}}

@book{ramsden:2009:bioinformatics:,
	Author = {Ramsden, J.},
	Date-Added = {2014-09-21 19:20:42 +0000},
	Date-Modified = {2014-09-21 19:23:41 +0000},
	Isbn = {9781848002579},
	Keywords = {bioinformatics background},
	Lccn = {2009920488},
	Publisher = {Springer},
	Series = {Computational Biology},
	Title = {Bioinformatics: An Introduction},
	Url = {http://books.google.com/books?id=G1H6Oe-91WEC},
	Year = {2009},
	Bdsk-Url-1 = {http://books.google.com/books?id=G1H6Oe-91WEC}}

@book{cristianini:2006:introduction,
	Author = {Cristianini, N. and Hahn, M.W.},
	Date-Added = {2014-09-21 19:00:00 +0000},
	Date-Modified = {2014-09-21 19:23:41 +0000},
	Isbn = {9781139460156},
	Keywords = {bioinformatics background},
	Publisher = {Cambridge University Press},
	Title = {Introduction to Computational Genomics: A Case Studies Approach},
	Url = {http://books.google.com/books?id=XqJjHIAKfk0C},
	Year = {2006},
	Bdsk-Url-1 = {http://books.google.com/books?id=XqJjHIAKfk0C}}

@book{lodish:2008:molecular,
	Author = {Lodish, H.},
	Date-Added = {2014-09-21 05:16:13 +0000},
	Date-Modified = {2014-09-21 19:23:41 +0000},
	Isbn = {9780716776017},
	Keywords = {bioinformatics background},
	Lccn = {2007006188},
	Publisher = {W. H. Freeman},
	Title = {Molecular Cell Biology},
	Url = {http://books.google.com/books?id=K3JbjG1JiUMC},
	Year = {2008},
	Bdsk-Url-1 = {http://books.google.com/books?id=K3JbjG1JiUMC}}

@book{lewin:2014:lewins,
	Author = {Lewin, B. and Krebs, J.E. and Goldstein, E.S. and Kilpatrick, S.T.},
	Date-Added = {2014-09-20 23:46:52 +0000},
	Date-Modified = {2014-09-21 19:23:41 +0000},
	Isbn = {9781449659059},
	Keywords = {bioinformatics background, genome background},
	Lccn = {2012020620},
	Publisher = {Jones \& Bartlett Learning},
	Title = {Lewin's Genes XI},
	Url = {http://books.google.com/books?id=yXFfPkLq4yEC},
	Volume = {11},
	Year = {2014},
	Bdsk-Url-1 = {http://books.google.com/books?id=yXFfPkLq4yEC}}

@book{elloumi:2011:algorithms,
	Author = {Elloumi, M. and Zomaya, A.Y.},
	Date-Added = {2014-09-20 23:11:30 +0000},
	Date-Modified = {2014-09-21 19:23:41 +0000},
	Isbn = {9781118101988},
	Keywords = {bioinformatics background},
	Publisher = {Wiley},
	Series = {Wiley Series in Bioinformatics},
	Title = {Algorithms in Computational Molecular Biology: Techniques, Approaches and Applications},
	Url = {http://books.google.com/books?id=FCVWgm39sKsC},
	Year = {2011},
	Bdsk-Url-1 = {http://books.google.com/books?id=FCVWgm39sKsC}}

@book{pevsner:2009:bioinformatics,
	Author = {Pevsner, J.},
	Date-Added = {2014-09-20 23:10:10 +0000},
	Date-Modified = {2014-09-21 19:23:41 +0000},
	Edition = {Second},
	Isbn = {9780470451489},
	Keywords = {repeats background, bioinformatics background, human genome},
	Lccn = {2008040259},
	Publisher = {Wiley},
	Title = {Bioinformatics and Functional Genomics},
	Url = {http://books.google.com/books?id=Emr0ZABQUAIC},
	Year = {2009},
	Bdsk-Url-1 = {http://books.google.com/books?id=Emr0ZABQUAIC}}

@article{jurka:1998:repeats,
	Abstract = {For hundreds of millions of years, perhaps from the very beginning of their evolutionary history, eukaryotic cells have been habitats and junkyards for countless generations of transposable elements, preserved in repetitive \{DNA\} sequences. Analysis of these sequences, combined with experimental research, reveals a history of complex `intracellular ecosystems' of transposable elements that are inseparably associated with genomic evolution. },
	Author = {Jerzy Jurka},
	Date-Added = {2014-09-20 21:32:31 +0000},
	Date-Modified = {2014-09-21 19:23:41 +0000},
	Doi = {http://dx.doi.org/10.1016/S0959-440X(98)80067-5},
	Issn = {0959-440X},
	Journal = {Current Opinion in Structural Biology},
	Keywords = {repeats background},
	Number = {3},
	Pages = {333 - 337},
	Title = {Repeats in genomic DNA: mining and meaning},
	Url = {http://www.sciencedirect.com/science/article/pii/S0959440X98800675},
	Volume = {8},
	Year = {1998},
	Bdsk-Url-1 = {http://www.sciencedirect.com/science/article/pii/S0959440X98800675},
	Bdsk-Url-2 = {http://dx.doi.org/10.1016/S0959-440X(98)80067-5}}

@article{kazazian:2004:mobile,
	Abstract = {Mobile elements within genomes have driven genome evolution in diverse ways. Particularly in plants and mammals, retrotransposons have accumulated to constitute a large fraction of the genome and have shaped both genes and the entire genome. Although the host can often control their numbers, massive expansions of retrotransposons have been tolerated during evolution. Now mobile elements are becoming useful tools for learning more about genome evolution and gene function.},
	Annote = {
Why detect repetitive DNA?
Repetitive DNA are generally not found to have any function
Homology searches need repeat mashing to avoid explosion of unnecessary results
Repeats contain info about parentage},
	Author = {Kazazian, Haig H.},
	Date-Added = {2014-09-16 22:36:41 +0000},
	Date-Modified = {2014-09-21 19:23:41 +0000},
	Doi = {10.1126/science.1089670},
	Eprint = {http://www.sciencemag.org/content/303/5664/1626.full.pdf},
	Journal = {Science},
	Keywords = {evolutionary importance, repeats background},
	Number = {5664},
	Pages = {1626-1632},
	Title = {Mobile Elements: Drivers of Genome Evolution},
	Url = {http://www.sciencemag.org/content/303/5664/1626.abstract},
	Volume = {303},
	Year = {2004},
	Bdsk-Url-1 = {http://www.sciencemag.org/content/303/5664/1626.abstract},
	Bdsk-Url-2 = {http://dx.doi.org/10.1126/science.1089670}}

@article{lander:2001:initial,
	Annote = {10.1038/35057062},
	Author = {Lander, E.S. and Linton, L.M. and Birren, B. and et al.},
	Date = {2001/02/15/print},
	Date-Added = {2014-09-16 00:22:32 +0000},
	Date-Modified = {2014-09-21 19:23:41 +0000},
	Day = {15},
	Isbn = {0028-0836},
	Journal = {Nature},
	Keywords = {human genome},
	L3 = {http://www.nature.com/nature/journal/v409/n6822/suppinfo/409860a0_S1.html},
	M3 = {10.1038/35057062},
	Month = {02},
	Number = {6822},
	Pages = {860--921},
	Publisher = {Macmillian Magazines Ltd.},
	Title = {Initial sequencing and analysis of the human genome},
	Ty = {JOUR},
	Url = {http://dx.doi.org/10.1038/35057062},
	Volume = {409},
	Year = {2001},
	Bdsk-Url-1 = {http://dx.doi.org/10.1038/35057062}}

@article{saha:2008:computational,
	Author = {Saha, Surya and Bridges, Susan and Magbanua, Zenaida V and Peterson, Daniel G},
	Date-Added = {2014-09-02 21:53:14 +0000},
	Date-Modified = {2014-09-21 19:23:41 +0000},
	Journal = {Tropical Plant Biology},
	Keywords = {tools comparison},
	Number = {1},
	Pages = {85--96},
	Publisher = {Springer},
	Title = {Computational approaches and tools used in identification of dispersed repetitive DNA sequences},
	Volume = {1},
	Year = {2008}}

@article{saha:2008:empirical,
	Author = {Saha, Surya and Bridges, Susan and Magbanua, Zenaida V and Peterson, Daniel G},
	Date-Added = {2014-09-02 21:51:44 +0000},
	Date-Modified = {2014-09-21 19:23:41 +0000},
	Journal = {Nucleic acids research},
	Keywords = {tools comparison},
	Number = {7},
	Pages = {2284--2294},
	Publisher = {Oxford Univ Press},
	Title = {Empirical comparison of ab initio repeat finding programs},
	Volume = {36},
	Year = {2008}}

@article{li:2003:patternhunter,
	Author = {Li, Ming and Ma, Bin and Kisman, Derek and Tromp, John},
	Date-Added = {2014-09-02 21:45:01 +0000},
	Date-Modified = {2014-09-21 19:23:41 +0000},
	Journal = {GENOME INFORMATICS SERIES},
	Keywords = {patternhunter tool, spaced seeds, seeds design, seeds statistics},
	Pages = {164--175},
	Publisher = {UNIVERSAL ACADEMY PRESS INC.},
	Title = {PatternHunter II: Highly sensitive and fast homology search},
	Year = {2003}}

@article{ma:2002:patternhunter:,
	Author = {Ma, Bin and Tromp, John and Li, Ming},
	Date-Added = {2014-09-02 21:43:59 +0000},
	Date-Modified = {2014-09-21 19:23:41 +0000},
	Journal = {Bioinformatics},
	Keywords = {patternhunter tool, spaced seeds, seeds design, seeds statistics},
	Number = {3},
	Pages = {440--445},
	Publisher = {Oxford Univ Press},
	Title = {PatternHunter: faster and more sensitive homology search},
	Volume = {18},
	Year = {2002}}

@article{cohen:2004:bioinformatics,
	Abstract = {{The article aims to introduce computer scientists to the new field of
   bioinformatics. This area has arisen from the needs of biologists to
   utilize and help interpret the vast amounts of data that are constantly
   being gathered in genomic research-and its more recent counterparts,
   proteomics and functional genomics. The ultimate goal of bioinformatics
   is to develop in silico models that will complement in vitro and in vivo
   biological experiments. The article provides a bird's eye view of the
   basic concepts in molecular cell biology, outlines the nature of the
   existing data, and describes the kind of computer algorithms and
   techniques that are necessary to understand cell behavior. The
   underlying motivation for many of the bioinformatics approaches is the
   evolution of organisms and the complexity of working with incomplete and
   noisy data. The topics covered include: descriptions of the current
   software especially developed for biologists, computer and mathematical
   cell models, and areas of computer science that play an important role
   in bioinformatics.}},
	Address = {1515 BROADWAY, NEW YORK, NY 10036 USA},
	Affiliation = {Cohen, J (Reprint Author), Brandeis Univ, Dept Comp Sci, Waltham, MA 02454 USA. Brandeis Univ, Dept Comp Sci, Waltham, MA 02454 USA.},
	Author = {Cohen, J},
	Author-Email = {jc@cs.brandeis.edu},
	Date-Added = {2014-09-02 21:40:32 +0000},
	Date-Modified = {2014-09-21 19:23:41 +0000},
	Doc-Delivery-Number = {869QF},
	Doi = {10.1145/1031120.1031122},
	Issn = {0360-0300},
	Journal = {ACM COMPUTING SURVEYS},
	Journal-Iso = {ACM Comput. Surv.},
	Keywords = {bioinformatics background},
	Keywords-Plus = {background, bioinformatics},
	Language = {English},
	Month = {JUN},
	Number = {2},
	Number-Of-Cited-References = {87},
	Pages = {122-158},
	Publisher = {ASSOC COMPUTING MACHINERY},
	Research-Areas = {Computer Science},
	Times-Cited = {51},
	Title = {Bioinformatics - An introduction for computer scientists},
	Type = {Article},
	Unique-Id = {ISI:000224998400002},
	Volume = {36},
	Web-Of-Science-Categories = {Computer Science, Theory \& Methods},
	Year = {2004},
	Bdsk-Url-1 = {http://dx.doi.org/10.1145/1031120.1031122%7D}}

@article{britten:1968:repeated,
	Author = {Britten, R.J. and Kohne, D.E.},
	Date-Added = {2014-09-02 19:59:10 +0000},
	Date-Modified = {2014-09-21 19:23:41 +0000},
	Journal = {Science},
	Keywords = {repeats background, importance},
	Month = {August},
	Number = {3841},
	Pages = {529--540},
	Title = {Repeated Sequences in DNA},
	Volume = {161},
	Year = {1968}}

@article{shapiro:2005:why-repetitive,
	Author = {Shapiro, JA and von Sternberg, R},
	Date-Added = {2014-09-02 19:50:40 +0000},
	Date-Modified = {2014-09-21 19:23:41 +0000},
	Journal = {Biological reviews of the Cambridge Philosophical Society},
	Keywords = {repeats background, importance},
	Number = {2},
	Pages = {227},
	Title = {Why repetitive DNA is essential to genome function.},
	Volume = {80},
	Year = {2005}}

@mastersthesis{figueroa:2013:raider:,
	Author = {Figueroa, N.},
	Date-Added = {2014-09-02 03:03:12 +0000},
	Date-Modified = {2014-09-21 19:23:41 +0000},
	Keywords = {raider tool, elementary repeat},
	School = {Miami University},
	Title = {RAIDER: Rapid Ab Initio Detection of Elementary Repeats},
	Year = {2013}}

@book{chao:2008:sequence,
	Author = {Chao, K.M. and Zhang, L.},
	Date-Added = {2014-09-02 02:58:47 +0000},
	Date-Modified = {2014-09-21 19:23:41 +0000},
	Isbn = {9781848003200},
	Keywords = {sequence comparison, seeds statistics, bioinformatics background},
	Lccn = {2008928295},
	Publisher = {Springer},
	Series = {Computational Biology},
	Title = {Sequence Comparison: Theory and Methods},
	Url = {http://books.google.com/books?id=XXqtgFiZBAYC},
	Year = {2008},
	Bdsk-Url-1 = {http://books.google.com/books?id=XXqtgFiZBAYC}}

@article{buhler:2005:designing,
	Acmid = {1073726},
	Address = {Orlando, FL, USA},
	Author = {Buhler, Jeremy and Keich, Uri and Sun, Yanni},
	Date-Added = {2014-09-02 02:54:55 +0000},
	Date-Modified = {2014-09-21 19:23:41 +0000},
	Doi = {10.1016/j.jcss.2004.12.003},
	Issn = {0022-0000},
	Issue_Date = {May 2005},
	Journal = {J. Comput. Syst. Sci.},
	Keywords = {seeds spaced, seeds design, seeds statistics},
	Month = may,
	Number = {3},
	Numpages = {22},
	Pages = {342--363},
	Publisher = {Academic Press, Inc.},
	Title = {Designing Seeds for Similarity Search in Genomic DNA},
	Url = {http://dx.doi.org/10.1016/j.jcss.2004.12.003},
	Volume = {70},
	Year = {2005},
	Bdsk-Url-1 = {http://dx.doi.org/10.1016/j.jcss.2004.12.003}}

@comment{BibDesk Smart Groups{
<?xml version="1.0" encoding="UTF-8"?>
<!DOCTYPE plist PUBLIC "-//Apple//DTD PLIST 1.0//EN" "http://www.apple.com/DTDs/PropertyList-1.0.dtd">
<plist version="1.0">
<array>
	<dict>
		<key>conditions</key>
		<array>
			<dict>
				<key>comparison</key>
				<integer>2</integer>
				<key>key</key>
				<string>Keywords</string>
				<key>value</key>
				<string>background</string>
				<key>version</key>
				<string>1</string>
			</dict>
			<dict>
				<key>comparison</key>
				<integer>2</integer>
				<key>key</key>
				<string>Keywords</string>
				<key>value</key>
				<string>importance</string>
				<key>version</key>
				<string>1</string>
			</dict>
		</array>
		<key>conjunction</key>
		<integer>1</integer>
		<key>group name</key>
		<string>Intro</string>
	</dict>
	<dict>
		<key>conditions</key>
		<array>
			<dict>
				<key>comparison</key>
				<integer>2</integer>
				<key>key</key>
				<string>Keywords</string>
				<key>value</key>
				<string>seed</string>
				<key>version</key>
				<string>1</string>
			</dict>
		</array>
		<key>conjunction</key>
		<integer>0</integer>
		<key>group name</key>
		<string>Seeds</string>
	</dict>
	<dict>
		<key>conditions</key>
		<array>
			<dict>
				<key>comparison</key>
				<integer>2</integer>
				<key>key</key>
				<string>Keywords</string>
				<key>value</key>
				<string>tool</string>
				<key>version</key>
				<string>1</string>
			</dict>
		</array>
		<key>conjunction</key>
		<integer>0</integer>
		<key>group name</key>
		<string>Tools</string>
	</dict>
</array>
</plist>
}}
